%% Journal
% IEEE
@string{TIP={IEEE Transactions on Image Processing (TIP)}}
@string{TMM={IEEE Transactions on Multimedia (TMM)}}
@string{TOR={IEEE Transactions on Robotics (T-RO)}}
@string{TVCG={IEEE Transactions on Visualization and Computer Graphics (TVCG)}}
@string{TPAMI={IEEE Transactions on Pattern Analysis and Machine Intelligence (TPAMI)}}
@string{TCSVT={IEEE Transactions on Circuits and Systems for Video Technology (TCSVT)}}
@string{RAM={IEEE Robotics and Automation Magazine (RAM)}}
@string{RAL={IEEE Robotics and Automation Letters (RA-L)}}
@string{CGA={IEEE Computer Graphics and Applications (CG\&A)}}
@string{IMM={IEEE Multimedia}}
@string{ISJ={IEEE Sensors Journal}}
% ACM
@string{TOG={ACM Transactions on Graphics (TOG)}}
@string{CACM={Communications of the ACM (CACM)}}
% Springer
@string{IJCV={International Journal of Computer Vision (IJCV)}}
@string{JMIV={Journal of Mathematical Imaging and Vision (JMIV)}}
@string{IIS={Intelligent Industrial Systems}}
% Elsevier
@string{PR={Pattern Recognition}}
@string{CVIU={Computer Vision and Image Understanding (CVIU)}}
@string{IVC={Image and Vision Computing}}
% Now
@string{FTR={Foundations and Trends{\textregistered} in Robotics}}
@string{FTCGV={Foundations and Trends{\textregistered} in Computer Graphics and Vision}}
@string{FTHCI={Foundations and Trends{\textregistered} in Human-Computer Interaction}}
% Others
@string{IJRR={International Journal of Robotics Research (IJRR)}}
@string{CAVW={Computer Animation and Virtual Worlds}}
@string{IPOL={Image Processing On Line (IPOL)}}
@string{CGF={Computer Graphics Forum (CGF)}}
@string{PV={Panoramic Vision}}
@string{JGT={Journal of Graphics Tools (JGT)}}
@string{Nature={Nature}}
@string{AN={Acta Numerica}}
@string{JVRB={Journal of Virtual Reality and Broadcasting (JVRB)}}
@string{ISPRSA={The International Archives of the Photogrammetry, Remote Sensing and Spatial Information Sciences (ISPRS Archives)}}

%% Conference
% IEEE
@string{CVPR={Proceedings of IEEE Conference on Computer Vision and Pattern Recognition (CVPR)}}
@string{CVPRW={Proceedings of IEEE Conference on Computer Vision and Pattern Recognition Workshop (CVPRW)}}
@string{ICCV={Proceedings of IEEE International Conference on Computer Vision (ICCV)}}
@string{ACCV={Proceedings of Asian Conference on Computer Vision (ACCV)}}
@string{ISMAR={Proceedings of IEEE International Symposium on Mixed and Augmented Reality (ISMAR)}}
@string{ISMARA={Proceedings of IEEE International Symposium on Mixed and Augmented Reality (ISMAR-Adjunct)}}
@string{ICIP={Proceedings of IEEE International Conference on Image Processing (ICIP)}}
@string{ICRA={Proceedings of IEEE International Conference on Robotics and Automation (ICRA)}}
@string{IROS={Proceedings of IEEE International Conference on Intelligent Robots and Systems (IROS)}}
@string{WACV={Proceedings of IEEE Winter Conference on Applications of Computer Vision (WACV)}}
@string{ISCAS={Proceedings of IEEE International Symposium on Circuits and Systems (ISCAS)}}
@string{ICME={Proceedings of IEEE International Conference on Multimedia and Expo (ICME)}}
@string{MMSP={Proceedings of IEEE International Workshop on Multimedia Signal Processing (MMSP)}}
@string{DUI={Proceedings of IEEE Symposium on 3D User Interfaces (3DUI)}}
@string{DIM={Proceedings of IEEE International Conference on 3-D Digital Imaging and Modeling (3DIM)}}
@string{IWAR={Proceedings of IEEE and ACM International Workshop on Augmented Reality (IWAR)}};
% ACM
@string{UIST={Proceedings of ACM Symposium on User Interface Software and Technology (UIST)}}
@string{CHI={Proceedings of ACM CHI Conference on Human Factors in Computing Systems (CHI)}}
% Springer
@string{ECCV={Proceedings of European Conference on Computer Vision (ECCV)}}
% Others
@string{NIPS={Proceedings of Neural Information Processing Systems (NIPS)}}
@string{BMVC={Proceedings of British Machine Vision Conference (BMVC)}}
@string{RSS={Proceedings of Robotics: Science and Systems (RSS)}}
@string{IJCAI={Proceedings of International Joint Conference on Artificial Intelligence (IJCAI)}}
@string{CVWW={Proceedings of ComputerVisionWinterWorkshop (CVWW)}}

%% Others
@string{arXiv={arXiv}}

@article{chien2002efficient,
  title={{Efficient Moving Object Segmentation Algorithm Using Background Registration Technique}},
  author={Chien, Shao-Yi and Ma, Shyh-Yih and Chen, Liang-Gee},
  journal=TCSVT,
  volume={12},
  number={7},
  pages={577--586},
  year={2002}
}
@ARTICLE{DenseNet,
       author = {{Huang}, Gao and {Liu}, Zhuang and {van der Maaten}, Laurens and
         {Weinberger}, Kilian Q.},
        title = "{Densely Connected Convolutional Networks}",
      journal = {arXiv e-prints},
     keywords = {Computer Science - Computer Vision and Pattern Recognition, Computer Science - Machine Learning},
         year = "2016",
        month = "Aug",
          eid = {arXiv:1608.06993},
        pages = {arXiv:1608.06993},
archivePrefix = {arXiv},
       eprint = {1608.06993},
 primaryClass = {cs.CV},
       adsurl = {https://ui.adsabs.harvard.edu/\#abs/2016arXiv160806993H},
      adsnote = {Provided by the SAO/NASA Astrophysics Data System}
}
@ARTICLE{ResNet,
       author = {{He}, Kaiming and {Zhang}, Xiangyu and {Ren}, Shaoqing and {Sun}, Jian},
        title = "{Deep Residual Learning for Image Recognition}",
      journal = {arXiv e-prints},
     keywords = {Computer Science - Computer Vision and Pattern Recognition},
         year = "2015",
        month = "Dec",
          eid = {arXiv:1512.03385},
        pages = {arXiv:1512.03385},
archivePrefix = {arXiv},
       eprint = {1512.03385},
 primaryClass = {cs.CV},
       adsurl = {https://ui.adsabs.harvard.edu/\#abs/2015arXiv151203385H},
      adsnote = {Provided by the SAO/NASA Astrophysics Data System}
}
@incollection{AlexNet,
title = {ImageNet Classification with Deep Convolutional Neural Networks},
author = {Alex Krizhevsky and Sutskever, Ilya and Hinton, Geoffrey E},
booktitle = {Advances in Neural Information Processing Systems 25},
editor = {F. Pereira and C. J. C. Burges and L. Bottou and K. Q. Weinberger},
pages = {1097--1105},
year = {2012},
publisher = {Curran Associates, Inc.},
url = {http://papers.nips.cc/paper/4824-imagenet-classification-with-deep-convolutional-neural-networks.pdf}
}
@ARTICLE{EIE,
       author = {{Han}, Song and {Liu}, Xingyu and {Mao}, Huizi and {Pu}, Jing and
         {Pedram}, Ardavan and {Horowitz}, Mark A. and {Dally}, William J.},
        title = "{EIE: Efficient Inference Engine on Compressed Deep Neural Network}",
      journal = {arXiv e-prints},
     keywords = {Computer Science - Computer Vision and Pattern Recognition, Computer Science - Hardware Architecture},
         year = "2016",
        month = "Feb",
          eid = {arXiv:1602.01528},
        pages = {arXiv:1602.01528},
archivePrefix = {arXiv},
       eprint = {1602.01528},
 primaryClass = {cs.CV},
       adsurl = {https://ui.adsabs.harvard.edu/\#abs/2016arXiv160201528H},
      adsnote = {Provided by the SAO/NASA Astrophysics Data System}
}
@INPROCEEDINGS{Eyeriss, 
author={Y. {Chen} and J. {Emer} and V. {Sze}}, 
booktitle={2016 ACM/IEEE 43rd Annual International Symposium on Computer Architecture (ISCA)}, 
title={Eyeriss: A Spatial Architecture for Energy-Efficient Dataflow for Convolutional Neural Networks}, 
year={2016}, 
volume={}, 
number={}, 
pages={367-379}, 
keywords={computer architecture;convolution;data flow computing;neural nets;power aware computing;Eyeriss;spatial architecture;energy-efficient dataflow;deep convolutional neural networks;deep CNNs;computational complexity;high-dimensional convolutions;parallel processing;energy-efficient CNN processing;row-stationary dataflow;RS dataflow;data movement energy consumption minimization;local data reuse;feature map pixels;partial sum accumulations;processing engine local storage;PE local storage;direct interPE communication;spatial parallelism;AlexNet CNN configurations;Throughput;Random access memory;Radio frequency;Parallel processing;Shape;Arrays;Spatial Architecture;Convolutional Neural Networks;Dataflow;Energy Efficiency}, 
doi={10.1109/ISCA.2016.40}, 
ISSN={1063-6897}, 
month={June},}

@ARTICLE{XnorNet,
       author = {{Rastegari}, Mohammad and {Ordonez}, Vicente and {Redmon}, Joseph and
         {Farhadi}, Ali},
        title = "{XNOR-Net: ImageNet Classification Using Binary Convolutional Neural Networks}",
      journal = {arXiv e-prints},
     keywords = {Computer Science - Computer Vision and Pattern Recognition},
         year = "2016",
        month = "Mar",
          eid = {arXiv:1603.05279},
        pages = {arXiv:1603.05279},
archivePrefix = {arXiv},
       eprint = {1603.05279},
 primaryClass = {cs.CV},
       adsurl = {https://ui.adsabs.harvard.edu/\#abs/2016arXiv160305279R},
      adsnote = {Provided by the SAO/NASA Astrophysics Data System}
}
@ARTICLE{BridgeDL,
  title={Bridge deep learning to the physical world: An efficient method to quantize network},
  author={Pei-Hen Hung and Chia-han Lee and Shao-Wen Yang and V. Srinivasa Somayazulu and Yen-Kuang Chen and Shao-Yi Chien},
  journal={2015 IEEE Workshop on Signal Processing Systems (SiPS)},
  year={2015},
  pages={1-6}
}
@article{FixedPoint,
  title={Fixed point optimization of deep convolutional neural networks for object recognition},
  author={Sajid Anwar and Kyuyeon Hwang and Wonyong Sung},
  journal={2015 IEEE International Conference on Acoustics, Speech and Signal Processing (ICASSP)},
  year={2015},
  pages={1131-1135}
}
@article{Ternary,
  author    = {Fengfu Li and
               Bin Liu},
  title     = {Ternary Weight Networks},
  journal   = {CoRR},
  volume    = {abs/1605.04711},
  year      = {2016},
  url       = {http://arxiv.org/abs/1605.04711},
  archivePrefix = {arXiv},
  eprint    = {1605.04711},
  timestamp = {Mon, 13 Aug 2018 16:47:18 +0200},
  biburl    = {https://dblp.org/rec/bib/journals/corr/LiL16},
  bibsource = {dblp computer science bibliography, https://dblp.org}
}
@article{BinaryNet,
  author    = {Matthieu Courbariaux and
               Yoshua Bengio},
  title     = {BinaryNet: Training Deep Neural Networks with Weights and Activations
               Constrained to +1 or -1},
  journal   = {CoRR},
  volume    = {abs/1602.02830},
  year      = {2016},
  url       = {http://arxiv.org/abs/1602.02830},
  archivePrefix = {arXiv},
  eprint    = {1602.02830},
  timestamp = {Mon, 13 Aug 2018 16:46:57 +0200},
  biburl    = {https://dblp.org/rec/bib/journals/corr/CourbariauxB16},
  bibsource = {dblp computer science bibliography, https://dblp.org}
}

@article{ TensorRT8bit,
author={Szymon Migacz},
title ={8-bit Inference with TensorRT},
url={http://on-demand.gputechconf.com/gtc/2017/presentation/s7310-8-bit-inference-with-tensorrt.pdf}
}
@INPROCEEDINGS{lognet, 
author={E. H. {Lee} and D. {Miyashita} and E. {Chai} and B. {Murmann} and S. S. {Wong}}, 
booktitle={2017 IEEE International Conference on Acoustics, Speech and Signal Processing (ICASSP)}, 
title={LogNet: Energy-efficient neural networks using logarithmic computation}, 
year={2017}, 
volume={}, 
number={}, 
pages={5900-5904}, 
keywords={inference mechanisms;neural nets;bitshift-add convolutions;LogNet inference engine;linear encoding;nonuniformly distributed weights;logarithmic computation;energy-efficient neural networks;LogNet;Encoding;Hardware;Quantization (signal);Neural networks;Field programmable gate arrays;Energy resolution;Engines;Neural networks;logarithmic computation;approximate computing;hardware-software co-design}, 
doi={10.1109/ICASSP.2017.7953288}, 
ISSN={2379-190X}, 
month={March},}
@INPROCEEDINGS{DeepCompression,
author = {Han, Song and Mao, Huizi and Dally, William},
year = {2016},
month = {10},
pages = {},
title = {Deep Compression: Compressing Deep Neural Networks with Pruning, Trained Quantization and Huffman Coding}
}
@article{MobileNet,
  author    = {Andrew G. Howard and
               Menglong Zhu and
               Bo Chen and
               Dmitry Kalenichenko and
               Weijun Wang and
               Tobias Weyand and
               Marco Andreetto and
               Hartwig Adam},
  title     = {MobileNets: Efficient Convolutional Neural Networks for Mobile Vision
               Applications},
  journal   = {CoRR},
  volume    = {abs/1704.04861},
  year      = {2017},
  url       = {http://arxiv.org/abs/1704.04861},
  archivePrefix = {arXiv},
  eprint    = {1704.04861},
  timestamp = {Mon, 13 Aug 2018 16:46:35 +0200},
  biburl    = {https://dblp.org/rec/bib/journals/corr/HowardZCKWWAA17},
  bibsource = {dblp computer science bibliography, https://dblp.org}
}
@article{ShuffleNet,
  author    = {Xiangyu Zhang and
               Xinyu Zhou and
               Mengxiao Lin and
               Jian Sun},
  title     = {ShuffleNet: An Extremely Efficient Convolutional Neural Network for
               Mobile Devices},
  journal   = {CoRR},
  volume    = {abs/1707.01083},
  year      = {2017},
  url       = {http://arxiv.org/abs/1707.01083},
  archivePrefix = {arXiv},
  eprint    = {1707.01083},
  timestamp = {Thu, 14 Mar 2019 14:56:07 +0100},
  biburl    = {https://dblp.org/rec/bib/journals/corr/ZhangZLS17},
  bibsource = {dblp computer science bibliography, https://dblp.org}
}
@article{ThiNet,
  author    = {Jian{-}Hao Luo and
               Jianxin Wu and
               Weiyao Lin},
  title     = {ThiNet: {A} Filter Level Pruning Method for Deep Neural Network Compression},
  journal   = {CoRR},
  volume    = {abs/1707.06342},
  year      = {2017},
  url       = {http://arxiv.org/abs/1707.06342},
  archivePrefix = {arXiv},
  eprint    = {1707.06342},
  timestamp = {Mon, 13 Aug 2018 16:47:53 +0200},
  biburl    = {https://dblp.org/rec/bib/journals/corr/LuoWL17},
  bibsource = {dblp computer science bibliography, https://dblp.org}
}
@article{BitFusion,
  author    = {Hardik Sharma and
               Jongse Park and
               Naveen Suda and
               Liangzhen Lai and
               Benson Chau and
               Joon Kyung Kim and
               Vikas Chandra and
               Hadi Esmaeilzadeh},
  title     = {Bit Fusion: Bit-Level Dynamically Composable Architecture for Accelerating
               Deep Neural Networks},
  journal   = {CoRR},
  volume    = {abs/1712.01507},
  year      = {2017},
  url       = {http://arxiv.org/abs/1712.01507},
  archivePrefix = {arXiv},
  eprint    = {1712.01507},
  timestamp = {Mon, 13 Aug 2018 16:49:04 +0200},
  biburl    = {https://dblp.org/rec/bib/journals/corr/abs-1712-01507},
  bibsource = {dblp computer science bibliography, https://dblp.org}
}

@INPROCEEDINGS{EyerissSlide, 
author={Y. {Chen} and T. {Krishna} and J. {Emer} and V. {Sze}}, 
booktitle={2016 IEEE International Solid-State Circuits Conference (ISSCC)}, 
title={14.5 Eyeriss: An energy-efficient reconfigurable accelerator for deep convolutional neural networks}, 
year={2016}, 
volume={}, 
number={}, 
pages={262-263}, 
keywords={computer vision;convolution;image filtering;learning (artificial intelligence);neural nets;Eyeriss framework;energy-efficient reconfigurable accelerator;deep-convolutional neural networks;deep learning;CNN;computer vision tasks;fully-convolutional networks;filter weights;filter sizes;AlexNet;MAC;image pixel;filter channels;data movement;Shape;Random access memory;Arrays;Clocks;Logic arrays;Memory management;Bandwidth}, 
doi={10.1109/ISSCC.2016.7418007}, 
ISSN={2376-8606}, 
url = {http://people.csail.mit.edu/emer/slides/2016.02.isscc.eyeriss.slides.pdf},
month={Jan}
}
@article{PrecisionScalableVLSI,
  author    = {Bert Moons and
               Marian Verhelst},
  title     = {A 0.3-2.6 {TOPS/W} Precision-Scalable Processor for Real-Time Large-Scale
               ConvNets},
  journal   = {CoRR},
  volume    = {abs/1606.05094},
  year      = {2016},
  url       = {http://arxiv.org/abs/1606.05094},
  archivePrefix = {arXiv},
  eprint    = {1606.05094},
  timestamp = {Mon, 13 Aug 2018 16:48:19 +0200},
  biburl    = {https://dblp.org/rec/bib/journals/corr/MoonsV16},
  bibsource = {dblp computer science bibliography, https://dblp.org}
}
@INPROCEEDINGS{ENVISION, 
author={B. {Moons} and R. {Uytterhoeven} and W. {Dehaene} and M. {Verhelst}}, 
booktitle={2017 IEEE International Solid-State Circuits Conference (ISSCC)}, 
title={14.5 Envision: A 0.26-to-10TOPS/W subword-parallel dynamic-voltage-accuracy-frequency-scalable Convolutional Neural Network processor in 28nm FDSOI}, 
year={2017}, 
volume={}, 
number={}, 
pages={246-247}, 
keywords={application specific integrated circuits;convolution;energy conservation;graphics processing units;image recognition;low-power electronics;neural nets;silicon-on-insulator;subword-parallel convolutional neural network processor;dynamic-voltage-accuracy-frequency-scalable CNN processor;FDSOI;classification algorithms;augmented reality;visual processing;wearable devices;convolution computations;mobile GPU;ConvNet accelerator ASIC;energy efficiency;hierarchical recognition processing;Envision platform;energy-scalable ConvNet processor;always-on visual recognition;size 28 nm;Program processors;Scalability;Convolution;Energy efficiency;Throughput;Face recognition;Neural networks}, 
doi={10.1109/ISSCC.2017.7870353}, 
ISSN={2376-8606}, 
month={Feb},}